@article{DBLP:journals/dcc/Lenstra00,
  author    = {Arjen K. Lenstra},
  title     = {Integer Factoring},
  journal   = {Des. Codes Cryptography},
  volume    = {19},
  number    = {2/3},
  pages     = {101--128},
  year      = {2000},
  url       = {https://doi.org/10.1023/A:1008397921377},
  doi       = {10.1023/A:1008397921377},
  timestamp = {Sat, 20 May 2017 00:23:20 +0200},
  biburl    = {https://dblp.org/rec/bib/journals/dcc/Lenstra00},
  bibsource = {dblp computer science bibliography, https://dblp.org}
}
@misc{1204.1657v2,
  author = {Jean-Marc Couveignes and Tony Ezome and Reynald Lercier},
  title = {A Faster Pseudo-Primality Test},
  year = {2012},
  eprint = {arXiv:1204.1657v2}
}
@misc{1709.09963,
  author={Gavriel Yarmish and Joshua Yarmish},
  title={Finding Large Primes},
  year={2017},
  eprint={arXiv:1709.09963v1}
}
@misc{pyrandom,
  author={Python Software Foundation},
  title={Python Language Reference, version 3},
  note={Dispon√≠vel em: \url{https://docs.python.org/3/library/random.html}}
}
@article{FIPS,
  author={Federal Information Processing Standards},
  title={Digital Signature Standard (DSS) - FIPS PUB 186-4},
  year={2019},
}
@article{DBLP:journals/iacr/ErraG09,
  author    = {Robert Erra and
               Christophe Grenier},
  title     = {The Fermat factorization method revisited},
  journal   = {{IACR} Cryptology ePrint Archive},
  volume    = {2009},
  pages     = {318},
  year      = {2009},
  url       = {http://eprint.iacr.org/2009/318},
  timestamp = {Tue, 14 Aug 2018 17:08:21 +0200},
  biburl    = {https://dblp.org/rec/bib/journals/iacr/ErraG09},
  bibsource = {dblp computer science bibliography, https://dblp.org}
}
@misc{rh,
  title={Wikipedia - Riemann hypothesis},
  note={\url{https://en.wikipedia.org/wiki/Riemann_hypothesis#Large_prime_gap_conjecture}}
}